@article{1article,
    author = {Swarnima Singh, Durgesh Singh, Vikash Yadav},
    year = {2020},
    month = {09},
    pages = {04},
    title = {Face Recognition Using HOG Feature Extraction and SVM Classifier},
    journal = {ResearchGate},
    doi = {10.30534/ijeter/2020/244892020}
}

@article{2article,
    author = {Divyarajsinh N. Parmar, Brijesh B. Mehta},
    year = {2014},
    month = {01},
    pages = {03},
    title = {Face Recognition Methods and Applications},
    journal = {ResearchGate},
    doi = {ISSN:2229-6093}
}

@inbook{unknown-author-2022,
    year = {2022},
	month = {04},
	title = {Histogram of oriented gradients},
	url = {https://en.wikipedia.org/wiki/Histogram\_of\_oriented\_gradients}
}

@misc{mcconnell1986method,
    title={Method of and apparatus for pattern recognition},
    author={McConnell, Robert K},
    year={1986},
    month=jan # "~28",
    publisher={Google Patents},
    note={US Patent 4,567,610}
}

@INPROCEEDINGS{1467360,
    author={Dalal, N. and Triggs, B.},
    booktitle={2005 IEEE Computer Society Conference on Computer Vision and Pattern Recognition (CVPR'05)}, 
    title={Histograms of oriented gradients for human detection}, 
    year={2005},
    volume={1},
    number={},
    pages={886-893 vol. 1},
    doi={10.1109/CVPR.2005.177}
}

@misc{mittal-2021,
	author = {Mittal, Karthik},
	month = {12},
	title = {{A Gentle Introduction Into The Histogram Of Oriented Gradients}},
	url = {https://medium.com/analytics-vidhya/a-gentle-introduction-into-the-histogram-of-oriented-gradients-fdee9ed8f2aa},
	year = {2021},
}

@misc{mallick-2021,
	author = {Mallick, Satya},
	month = {11},
	title = {{Histogram of Oriented Gradients explained using OpenCV}},
	url = {https://learnopencv.com/histogram-of-oriented-gradients/},
	year = {2021},
}

@misc{pupale-2022,
	author = {Pupale, Rushikesh},
	month = {03},
	title = {{Support Vector Machines(SVM) â€” An Overview - Towards Data Science}},
	url = {https://towardsdatascience.com/https-medium-com-pupalerushikesh-svm-f4b42800e989#:%7E:text=SVM%20or%20Support%20Vector%20Machine,separates%20the%20data%20into%20classes.},
	year = {2022},
}